@article{ahn2001circular,
  title         = {Circular coded target for automation of optical 3D-measurement and camera calibration},
  author        = {Ahn, Sung Joon and Rauh, Wolfgang and Kim, Sung Il},
  journal       = {International Journal of Pattern Recognition and Artificial Intelligence},
  volume        = {15},
  number        = {06},
  pages         = {905--919},
  year          = {2001},
  publisher     = {World Scientific}
}
@article{lowe2004distinctive,
  title         = {Distinctive image features from scale-invariant keypoints},
  author        = {Lowe, David G},
  journal       = {International journal of computer vision},
  volume        = {60},
  number        = {2},
  pages         = {91--110},
  year          = {2004},
  publisher     = {Springer}
}
@online{onlineobservation,
  author        = {Arque Inc.},
  title         = {What is OnlineObservation?},
  url           = {https://onlineobservation.com/en/whatis},
  urldate       = {2022-02-19}
}
@inproceedings{triggs1999bundle,
  title         = {Bundle adjustment--a modern synthesis},
  author        = {Triggs, Bill and McLauchlan, Philip F and Hartley, Richard I and Fitzgibbon, Andrew W},
  booktitle     = {International workshop on vision algorithms},
  pages         = {298--372},
  year          = {1999},
  organization  = {Springer}
}
